% This file was created with Citavi 6.14.0.0

@misc{.01.03.2021,
 year = {01.03.2021},
 title = {C++ Based OPC UA Client/Server/PubSub SDK: OPC UA Namespaces},
 url = {https://documentation.unified-automation.com/uasdkcpp/1.7.4/html/L2UaAdrSpaceConceptNamespaces.html},
 urldate = {17.03.2023}
}


@misc{.01.03.2023,
 year = {01.03.2023},
 title = {TypeScript: JavaScript With Syntax For Types},
 url = {https://www.typescriptlang.org/},
 urldate = {06.03.2023}
}


@misc{.01.03.2023b,
 year = {01.03.2023},
 title = {TypeScript: The starting point for learning TypeScript},
 url = {https://www.typescriptlang.org/docs/},
 urldate = {06.03.2023}
}


@misc{.06.02.2023,
 year = {06.02.2023},
 title = {node-opcua - npm},
 url = {https://www.npmjs.com/package/node-opcua},
 urldate = {08.02.2023}
}


@misc{.06.03.2023,
 abstract = {W3Schools offers free online tutorials, references and exercises in all the major languages of the web. Covering popular subjects like HTML, CSS, JavaScript, Python, SQL, Java, and many, many more.},
 year = {06.03.2023},
 title = {Node.js Tutorial},
 url = {https://www.w3schools.com/nodejs/},
 urldate = {06.03.2023}
}


@misc{.06.03.2023b,
 abstract = {TypeScript is a powerful, fun, and popular programming language used for building browser and NodeJS applications. This course will teach you all of the most important features of TypeScript, and quickly make you productive with the language.},
 year = {06.03.2023},
 title = {Getting Started with TypeScript},
 url = {https://www.pluralsight.com/courses/typescript-getting-started},
 urldate = {06.03.2023}
}


@misc{.07.03.2023,
 abstract = {Die wichtigsten Fragen zu RFID einfach beantwortet, viele Anwendungsbeispiele und Trainingsangebote. Jetzt informieren.},
 year = {07.03.2023},
 title = {RFID Know-How: Identifikation mit RFID-Technologie | SICK},
 url = {https://www.sick.com/de/de/themen-und-know-how/rfid-know-how-identifikation-mit-rfid-technologie/w/rfid/},
 urldate = {07.03.2023}
}


@misc{.08.10.2016,
 year = {08.10.2016},
 title = {SICK{\_}Headquarter.jpg (1754$\times$1250)},
 urldate = {08.02.2023}
}


@misc{.11.04.2020,
 year = {11.04.2020},
 title = {High Performance OPC UA Server SDK: Address Space Concepts},
 url = {https://documentation.unified-automation.com/uasdkhp/1.4.1/html/_l2_ua_address_space_concepts.html},
 urldate = {17.03.2023}
}


@misc{.17.08.2021,
 year = {17.08.2021},
 title = {Test},
 url = {https://deags09171.sickcn.net/mp/index.html},
 urldate = {03.03.2023}
}


@misc{.18.04.2016,
 year = {18.04.2016},
 title = {UaExpert: First Steps},
 url = {https://documentation.unified-automation.com/uaexpert/1.4.2/html/first_steps.html},
 urldate = {08.03.2023}
}


@book{Damm.2009,
 author = {Damm, Matthias and Mahnke, Wolfgang and Leitner, Stefan-Helmut},
 year = {2009},
 title = {OPC Unified Architecture},
 address = {Berlin, Heidelberg},
 publisher = {{Springer-Verlag Berlin Heidelberg}},
 isbn = {9783540688983}
}


@misc{GitHub.06.02.2023,
 abstract = {an implementation of a OPC UA stack fully written in javascript and nodejs - http://node-opcua.github.io/ - node-opcua/node-opcua at 513867cbc437652cbc9b32a980743dddcca76c2f},
 author = {GitHub},
 year = {06.02.2023},
 title = {node-opcua/node-opcua at 513867cbc437652cbc9b32a980743dddcca76c2f},
 url = {https://github.com/node-opcua/node-opcua/tree/513867cbc437652cbc9b32a980743dddcca76c2f/packages},
 urldate = {06.02.2023}
}


@book{Lange.2010,
 author = {Lange, J{\"u}rgen and Burke, Thomas J. and Iwanitz, Frank},
 year = {2010},
 title = {OPC: Von Data Access bis Unified Architecture},
 address = {Berlin},
 edition = {4., v{\"o}llig neu bearb. und erw. Aufl.},
 publisher = {VDE-Verl.},
 isbn = {9783800732173}
}


@misc{Node.js.27.02.2023,
 abstract = {Node.js{\circledR} is a JavaScript runtime built on Chrome's V8 JavaScript engine.},
 author = {Node.js},
 year = {27.02.2023},
 title = {Node.js},
 url = {https://nodejs.org/en/},
 urldate = {06.03.2023}
}


@misc{Node.js.27.02.2023b,
 abstract = {Node.js{\circledR} is a JavaScript runtime built on Chrome's V8 JavaScript engine.},
 author = {Node.js},
 year = {27.02.2023},
 title = {Documentation | Node.js},
 url = {https://nodejs.org/en/docs/},
 urldate = {06.03.2023}
}


@misc{OPCFoundation.15.06.2017,
 abstract = {OPC is the interoperability standard for the secure and reliable exchange of data in the industrial automation space and in other industries. It is platform independent and ensures the seamless flow of information among devices from multiple vendors. The OPC Foundation is responsible for the development and maintenance of this standard. The OPC standard is [...]},
 author = {{OPC Foundation}},
 year = {15.06.2017},
 title = {What is OPC? - OPC Foundation},
 url = {https://opcfoundation.org/about/what-is-opc/},
 urldate = {03.03.2023}
}


@misc{OPCFoundation.26.09.2019,
 abstract = {The OPC Unified Architecture (UA), released in 2008, is a platform independent service-oriented architecture that integrates all the functionality of the individual OPC Classic specifications into one extensible framework. This multi-layered approach accomplishes the original design specification goals of: Functional equivalence: all COM OPC Classic specifications are mapped to UA Platform independence: from an embedded [...]},
 author = {{OPC Foundation}},
 year = {26.09.2019},
 title = {Unified Architecture - OPC Foundation},
 url = {https://opcfoundation.org/about/opc-technologies/opc-ua/},
 urldate = {08.02.2023}
}


@misc{OPCFoundation.28.10.2015,
 abstract = {Welcome to the World of OPC In today's complex economy, information is the key to business success and profitability. OPC technologies were created to allow information to be easily and securely exchanged between diverse platforms from multiple vendors and to allow seamless integration of those platforms without costly, time-consuming software development. This frees engineering resources [...]},
 author = {{OPC Foundation}},
 year = {28.10.2015},
 title = {Home Page - OPC Foundation},
 url = {https://opcfoundation.org/},
 urldate = {05.02.2023}
}


@misc{Open62541.16.01.2023,
 abstract = {open62541 core developer team},
 author = {Open62541},
 year = {16.01.2023},
 title = {open62541},
 url = {https://www.open62541.org/#},
 urldate = {05.02.2023}
}


@misc{Rinke.2022,
 abstract = {OPC steht f{\"u}r Open Platform Communications und ist eines der wichtigsten Kommunikationsprotokolle f{\"u}r Industrie 4.0 und das IoT.},
 author = {Rinke, Alexandra},
 year = {2022},
 title = {Was ist OPC UA? Die wichtigsten Begriffe im {\"U}berblick},
 url = {https://www.opc-router.de/was-ist-opc-ua/},
 urldate = {06.03.2023},
 file = {Rinke 2022 - Was ist OPC UA:Attachments/Rinke 2022 - Was ist OPC UA.pdf:application/pdf}
}


@book{Schleipen.2018,
 year = {2018},
 title = {Praxishandbuch OPC UA: Grundlagen, Implementierung, Nachr{\"u}stung},
 address = {W{\"u}rzburg and Gr{\"u}nwald},
 publisher = {{Vogel Business Media GmbH {\&} Co. KG} and {Preselect media}},
 isbn = {9783834334138},
 editor = {Schleipen, Miriam}
}


@misc{Team.06.03.2023,
 abstract = {Die ascolab GmbH ist ein international agierendes Dienstleistungsunternehmen f{\"u}r industrielle Kommunikation. Der Schwerpunkt der herstellerunabh{\"a}ngigen Beratungs- und Entwicklungsleistung liegt im Umfeld der offenen Kommunikationsschnittstelle OPC.},
 author = {Team, ascolab},
 year = {06.03.2023},
 title = {OPC UA Sicherheitskonzept},
 url = {https://www.ascolab.com/de/unified-architecture/sicherheit.html},
 urldate = {06.03.2023}
}


@misc{Udemy.06.03.2023,
 abstract = {Lerne von top bewerteten Programmierexperten die Programmiersprache TypeScript. Du willst benutzerfreundliche Websites in Angular erstellen oder erst mal die Grundlagen von TypeScript lernen? Wir haben den passenden Kurs f{\"u}r dich!},
 author = {Udemy},
 year = {06.03.2023},
 title = {Top {\glqq}TypeScript{\grqq}-Onlinekurse - Im [M{\"a}rz 2023] aktualisiert},
 url = {https://www.udemy.com/topic/typescript/},
 urldate = {06.03.2023}
}


